@book{pearl-2013book,
  title={Causality: Models, Reasoning, and Inference, Second Edition},
  author={Pearl, Judea},
  year={2013},
  publisher={Cambridge University Press}
}

@misc{bayesuvius,
title="Bayesuvius (book)",
author="Robert R. Tucci",
howpublished="\url{https://github.com/rrtucci/Bayesuvius/raw/master/main.pdf}"
}

@misc{bnlearn,
author={Marco Scutari},
title={bnlearn},
howpublished = 
"\url{https://www.bnlearn.com/}"
}

@misc{dag-lie-detector,
title="{DAG} lie detector",
author="Robert R. Tucci",
howpublished="\url{https://github.com/rrtucci/DAG_Lie_Detector}"
}